@inproceedings{GodinDubois2021b,
  address       = {Online},
  author        = {Godin-Dubois, Kevin and Cussat-Blanc, Sylvain and Duthen, Yves},
  booktitle     = {3rd International Workshop on Agent-Based Modelling of Human Behaviour},
  title         = {{On the benefits of emergent communication for threat appraisal}},
  type          = {workshop},
  url           = {http://abmhub.cs.ucl.ac.uk/2021/camera_ready/Godin-Dubois_etal.pdf},
  year          = {2021}
}

@inproceedings{GodinDubois2021a,
  address       = {Cambridge, MA},
  author        = {Godin-Dubois, Kevin and Cussat-Blanc, Sylvain and Duthen, Yves},
  booktitle     = {The 2021 Conference on Artificial Life},
  doi           = {10.1162/isal_a_00431},
  pages         = {95},
  publisher     = {MIT Press},
  title         = {{Spontaneous modular NeuroEvolution arising from a life/dinner paradox}},
  type          = {conference},
  year          = {2021}
}

@phdthesis{GodinDuboisThesis,
  author       = {Godin-Dubois, Kevin}, 
  title        = {Environment-Driven Speciation: Long-Term Interactions in Artificial Plant Communities},
  school       = {Doctoral school of Mathematics, Computer Science and Tele\-communications (Toulouse, France)},
  year         = 2020,
  month        = 7,
  url          = {http://www.theses.fr/2020TOU10026/document}
}

@inproceedings{GodinDubois2020a,
  author = {Godin-Dubois, Kevin and Cussat-Blanc, Sylvain and Duthen, Yves},
  booktitle = {2020 IEEE Symposium Series on Computational Intelligence (SSCI)},
  pages = {94-101},
  title = {{Beneficial Catastrophes: Leveraging Abiotic Constraints through Environment-Driven Evolutionary Selection}},
  year = {2020},
  doi={10.1109/SSCI47803.2020.9308411}
}
  
@misc{GodinDubois2020ua,
  address = {Montreal (Virtual)},
  author = {Godin-Dubois, Kevin and Cussat-Blanc, Sylvain and Duthen, Yves},
  booktitle = {ERA Workshop at Alife 2020},
  title = {{Splinoids: first steps out of EDEnS}},
  year = {2020},
  doi = {10.13140/RG.2.2.11048.19200},
  entrysubtype = {talk},
  howpublished = {Lightning talk}
} 

@inproceedings{GodinDubois2019c,
  author = {Godin-Dubois, Kevin and Cussat-Blanc, Sylvain and Duthen, Yves},
  booktitle = {MethAL workshop at ALife 2019},
  doi = {10.13140/RG.2.2.33781.93921},
  pages = {in press},
  title = {{APOGeT: Automated Phylogeny Over Geological Timescales}},
  year = {2019}
} 

@inproceedings{GodinDubois2019b,
  address = {Cambridge, MA},
  author = {Godin-Dubois, Kevin and Cussat-Blanc, Sylvain and Duthen, Yves},
  booktitle = {ALIFE 19},
  doi = {10.1162/isal_a_00186},
  isbn = {978-0-262-35844-6},
  pages = {349--356},
  publisher = {MIT Press},
  title = {{Speciation under Changing Environments}},
  url = {https://www.mitpressjournals.org/doi/abs/10.1162/isal{\_}a{\_}00186\},
  volume = {31},
  year = {2019}
} 

@incollection{GodinDubois2019a,
  address = {Cham},
  author = {Godin-Dubois, Kevin and Cussat-Blanc, Sylvain and Duthen, Yves},
  booktitle = {Applications of Evolutionary Computation},
  doi = {10.1007/978-3-030-16692-2_25},
  editor = {Kaufmann, Paul and Castillo, Pedro A},
  isbn = {978-3-030-16692-2},
  pages = {377--392},
  publisher = {Springer International Publishing},
  title = {{Self-sus\-tain\-abil\-i\-ty Challenges of Plants Colonization Strategies in Virtual 3D Environments}},
  year = {2019}
} 

@misc{GodinDubois2018u,
  address = {Tokyo},
  author = {Godin-Dubois, Kevin and Cussat-Blanc, Sylvain and Duthen, Yves},
  booktitle = {Alife 2018},
  doi = {10.13140/RG.2.2.27553.97125},
  title = {{Studying long term interactions between plants and their environment}},
  year = {2018},
  entrysubtype = {talk},
  type = {Poster presentation}
} 

@inproceedings{Dubois2017,
  author = {Dubois, Kevin and Cussat-Blanc, Sylvain and Duthen, Yves},
  booktitle = {Morphogenetic Engineering Workshop, at the European Conference on Artificial Life (ECAL) 2017 September 4},
  title = {{Towards an Artificial Polytrophic Ecosystem}},
  year = {2017}
} 
